%% this file is an example of bibtex file 
%% part of rgg.cls suite

@article{Neitzel2010,
  author  = {Neitzel, F.},
  year    = {2010},
  title   = {Generalization of total least-squares on example of unweighted and weighted 2D similarity transformation},
  journal = {Journal of Geodesy},
  volume  = {84},
  number  = {12},
  pages   = {751-762},
  doi     = {10.1007/s00190-010-0408-0},
}

@book{book,
  author    = {Peter Babington and James Maxwell and Isaac Newton},
  title     = {The title of the work},
  publisher = {The name of the publisher},
  year      = {1993},
  volume    = {4},
  series    = {10},
  address   = {The address},
  edition   = {3},
  month     = {7},
  isbn      = {3257227892}
}

@manual{manual,
  title        = {The title of the work},
  author       = {Peter Gainsford},
  organization = {The organization},
  address      = {The address of the publisher},
  edition      = {3},
  month        = {7},
  year         = {1993},
}

@mastersthesis{mastersthesis,
  author  = {Peter Harwood},
  title   = {The title of the work},
  school  = {The school where the thesis was written},
  year    = {1993},
  address = {The address of the publisher},
  month   = {7},
}

@phdthesis{phdthesis,
  author  = {Peter Joslin},
  title   = {The title of the work},
  school  = {The school where the thesis was written},
  year    = {1993},
  address = {The address of the publisher},
  month   = {7},
}

@proceedings{proceedings,
  title        = {The title of the proceedings},
  year         = {1993},
  editor       = {Peter Kidwelly and M. Horba},
  volume       = {4},
  series       = {5},
  address      = {The address of the publisher},
  month        = {7},
  organization = {The organization},
  publisher    = {The name of the publisher},
}

@inproceedings{inproceedings,
  title        = {The title of the work in proceedings},
  year         = {1993},
  author       = {A. Adam and B. Boris and C. Corry},
  crossref     = {proceedings},
  booktitle    = {The title of the proceedings},
}

@article{multiplenames,
  title   = {Example of citation with more then three names},
  year    = {2016},
  author  = {George Maxwell and Isaac Newton and George Darwin and Aristoteles and Someone Else},
  journal = {Geoscience},
}

@article{threenames,
  title   = {Example of citation with three names},
  year    = {2006},
  author  = {George Maxwell and Isaac Newton and George Darwin},
  journal = {Geoscience},
}

@article{moretheneight,
  title   = {Example of citation with more then eight names},
  year    = {2013},
  author  = {George Maxwell and Isaac Newton and George Darwin and Aristoteles and Someone Else and Me To and He Also and More People and All Class and Lord Vader and Jesse Owens},
  journal = {Geoscience},
}

@article{twoauthors,
  title   = {Example of citation with two names},
  year    = {2017},
  author  = {George Maxwell and Isaac Newton},
  journal = {Future Geoscience},
}
