%% this file is an example of bibtex file 
%% part of rog.cls suite

@BOOK{hw1997,
  author = {{Hofmann-Wellenhof}, B. and {Lichtenegger}, H. and {Collins}, J.},
  title = {GPS - Global Positioning System. Theory and practice.},
  booktitle = {GPS - Global Positioning System.~Theory and practice},
  year = 1997,
}


